<?xml version="1.0" encoding="UTF-8"?><record xmlns="http://www.loc.gov/MARC21/slim" xmlns:cinclude="http://apache.org/cocoon/include/1.0" xmlns:zs="http://www.loc.gov/zing/srw/">
  <leader>00426nz  a2200121n  4500</leader>
  <controlfield tag="001">n  96024203 </controlfield>
  <controlfield tag="003">DLC</controlfield>
  <controlfield tag="005">19960313125435.7</controlfield>
  <controlfield tag="008">960313n| acannaab|          |n aaa |||  </controlfield>
  <datafield tag="010" ind1=" " ind2=" ">
    <subfield code="a">n  96024203 </subfield>
  </datafield>
  <datafield tag="040" ind1=" " ind2=" ">
    <subfield code="a">DLC</subfield>
    <subfield code="c">DLC</subfield>
  </datafield>
  <datafield tag="100" ind1="1" ind2="0">
    <subfield code="a">Larkins, Jeremy</subfield>
  </datafield>
  <datafield tag="670" ind1=" " ind2=" ">
    <subfield code="a">International society after the Cold War, 1996:</subfield>
    <subfield code="b">CIP t.p. (Jeremy Larkins) p. vii (research student in the Dept. of International Relations at the London School of Economics)</subfield>
  </datafield>
</record>